<collection xmlns="http://www.loc.gov/MARC21/slim">
<record>
  <leader>00980nam0a2200193 i 450 </leader>
  <controlfield tag="001">IT\ICCU\CNCE\015623</controlfield>
  <controlfield tag="005">19990726000000.0</controlfield>
  <datafield tag="012" ind1=" " ind2=" ">
    <subfield code="a">e-o, dio- o,a- esla (3) 1592 (Q)</subfield>
    <subfield code="2">fei</subfield>
  </datafield>
  <datafield tag="100" ind1=" " ind2=" ">
    <subfield code="a">19970101f1592        0itac0103    ba</subfield>
  </datafield>
  <datafield tag="101" ind1=" " ind2=" ">
    <subfield code="a">ITA</subfield>
  </datafield>
  <datafield tag="102" ind1=" " ind2=" ">
    <subfield code="a">IT</subfield>
  </datafield>
  <datafield tag="200" ind1="1" ind2=" ">
    <subfield code="a">Libro della Confraternita della Santissima et Immaculata Vergine Maria delle gratie, &amp; consolationi, con gli ordini, che s&apos;hanno da osseruare, le indulgenze che sono state concesse da molti sommi pontefici a detta Confraternita della Madonna. Instituita nella chiesa de&apos; SS. Geruaso, &amp; Protaso, di Pauia</subfield>
  </datafield>
  <datafield tag="210" ind1=" " ind2=" ">
    <subfield code="a">In Pauia</subfield>
    <subfield code="c">per gli heredi di Gierolamo Bartoli</subfield>
    <subfield code="d">\1592?!</subfield>
  </datafield>
  <datafield tag="215" ind1=" " ind2=" ">
    <subfield code="a">160 p.</subfield>
    <subfield code="d">4ʻ</subfield>
  </datafield>
  <datafield tag="620" ind1=" " ind2=" ">
    <subfield code="a">IT</subfield>
    <subfield code="d">Pavia</subfield>
  </datafield>
  <datafield tag="710" ind1="0" ind2="2">
    <subfield code="a">Confraternita della SS. Immacolata Vergine Maria delle Grazie in SS. Gervasio e Protasio</subfield>
    <subfield code="c"> &lt;Pavia&gt;</subfield>
    <subfield code="3">IT\ICCU\CNCT\004163</subfield>
  </datafield>
  <datafield tag="712" ind1="0" ind2="0">
    <subfield code="a">Bartoli, Girolamo - eredi</subfield>
    <subfield code="3">IT\ICCU\CNCT\000018</subfield>
    <subfield code="4">650</subfield>
  </datafield>
  <datafield tag="801" ind1=" " ind2="3">
    <subfield code="a">IT</subfield>
    <subfield code="b">ICCU</subfield>
    <subfield code="c">20201114</subfield>
  </datafield>
  <datafield tag="899" ind1=" " ind2=" ">
    <subfield code="a">Biblioteca universitaria. Pavia</subfield>
    <subfield code="1">PV0291</subfield>
    <subfield code="2">MIL UP</subfield>
  </datafield>
</record>
</collection>
